<mx:record xmlns="http://www.w3.org/TR/xhtml1/strict" xmlns:mx="http://www.loc.gov/MARC21/slim" xmlns:xsi="http://www.w3.org/2001/XMLSchema-instance"><mx:leader>00000cz   2200000n  4500</mx:leader><mx:controlfield tag="001">oca00913080 </mx:controlfield><mx:controlfield tag="005">20010817113100.0</mx:controlfield><mx:controlfield tag="008">830728n| acannaab           |a aaa      </mx:controlfield><mx:datafield ind1=" " ind2=" " tag="010"><mx:subfield code="a">n  83020071 </mx:subfield></mx:datafield><mx:datafield ind1=" " ind2=" " tag="040"><mx:subfield code="a">DLC</mx:subfield><mx:subfield code="c">DLC</mx:subfield><mx:subfield code="d">DLC</mx:subfield></mx:datafield><mx:datafield ind1="1" ind2=" " tag="100"><mx:subfield code="a">Balde, Jakob,</mx:subfield><mx:subfield code="d">1604-1668</mx:subfield></mx:datafield><mx:datafield ind1="1" ind2=" " tag="400"><mx:subfield code="a">Balde, Jacques,</mx:subfield><mx:subfield code="d">1604-1668</mx:subfield></mx:datafield><mx:datafield ind1="1" ind2=" " tag="400"><mx:subfield code="a">Balde, Jacobus,</mx:subfield><mx:subfield code="d">1604-1668</mx:subfield></mx:datafield><mx:datafield ind1="1" ind2=" " tag="400"><mx:subfield code="a">Balde, Jacob,</mx:subfield><mx:subfield code="d">1604-1668</mx:subfield></mx:datafield><mx:datafield ind1=" " ind2=" " tag="670"><mx:subfield code="a">Jöcher</mx:subfield><mx:subfield code="b">(Balde, Jacobus)</mx:subfield></mx:datafield><mx:datafield ind1=" " ind2=" " tag="670"><mx:subfield code="a">Sommervogel</mx:subfield><mx:subfield code="b">(Jacques Balde)</mx:subfield></mx:datafield><mx:datafield ind1=" " ind2=" " tag="670"><mx:subfield code="a">Ensisheimer Kolloquium (1982). Jacob Balde und seine Zeit, c1986:</mx:subfield><mx:subfield code="b">t.p. (Jacob Balde)</mx:subfield></mx:datafield><mx:datafield ind1=" " ind2=" " tag="999"><mx:subfield code="a">241</mx:subfield></mx:datafield></mx:record>